@article{vanderwal1999,
  title = {{Can soot primary particle size be determined using laser-induced incandescence?}},
  author = {Vander Wal, R. L. and Ticich, T. M. and Stephens, A. B.},
  journal = {Combust. Flame},
  volume = {116},
  number = {1-2},
  pages = {291--296},
  year = {1999}
}

@book{friedlander2000,
  title = {{Smoke, Dust, and Haze - Fundamentals of Aerosol Dynamics}},
  author = {Friedlander, S. K.},
  year = {2000},
  publisher = {Oxford University Press},
  address = {New York}
}

@incollection{waldmann1966,
  title = {Thermophoresis and diffusiophoresis of aerosols},
  author = {Waldmann, L. and Schmitt, K. H.},
  booktitle = {Aerosol Science},
  editor = {Davies, C. N.},
  year = {1966},
  publisher = {Academic Press},
  address = {London}
}

@article{zhao2003,
  title = {{Measurement and numerical simulation of soot particle size distribution functions in a laminar premixed ethylene-oxygen-argon flame}},
  author = {Zhao, B. and Yang, Z. and Johnston, M. V. and Wang, H. and Wexler, A. S. and Balthasar, M. and Kraft, M.},
  journal = {Combust. Flame},
  volume = {133},
  number = {1-2},
  pages = {173--188},
  year = {2003}
}

@inproceedings{zhao2005,
  title = {{Particle size distribution function of incipient soot in laminar premixed ethylene flames: effect of flame temperature}},
  author = {Zhao, B. and Yang, Z. and Li, Z. and Johnston, M. V. and Wang, H.},
  booktitle = {Proc. Combust. Inst.},
  volume = {30},
  number = {1},
  pages = {1441--1448},
  year = {2005}
}

@inproceedings{netzell2007,
  title = {{Calculating the soot particle size distribution function in turbulent diffusion flames using a sectional method}},
  author = {Netzell, K. and Lehtiniemi, H. and Mauss, F.},
  booktitle = {Proc. Combust. Inst.},
  volume = {31},
  number = {1},
  pages = {667--674},
  year = {2007}
}

@article{patterson2007,
  title = {{Models for the aggregate structure of soot particles}},
  author = {Patterson, R. I. A. and Kraft, M.},
  journal = {Combust. Flame},
  volume = {151},
  number = {1-2},
  pages = {160--172},
  year = {2007}
}

@inproceedings{mueller2009,
  title = {{A joint volume-surface model of soot aggregation with the method of moments}},
  author = {Mueller, M. E. Blanquart, G. and Pitsch, H.},
  booktitle = {Proc. Combust. Inst.},
  volume = {32},
  number = {1},
  pages = {785--792},
  year = {2009}
}

@article{hmom2009,
  title = {{Hybrid Method of Moments for modeling soot formation and growth}},
  author = {Mueller, M. E. and Pitsch, H.},
  journal = {Combust. Flame},
  volume = {156},
  number = {6},
  pages = {1143--1155},
  year = {2009}
}

@article{Park2004,
  title = {{A novel fixed-sectional model for the formation and growth of aerosol agglomerates}},
  author = {Park, S. H. and Rogak, S. N.},
  journal = {J. Aerosol Sci.},
  volume = {35},
  number = {11},
  pages = {1385--1404},
  year = {2004}
}

@incollection{blanquart2009,
  title = {{A joint volume-surface-hydrogen multi-variate model for soot formation}},
  author = {Blanquart, G. and Pitsch, H.},
  booktitle = {{Combustion Generated Fine Carbonaceous Particles}},
  editor = {Bockhorn, H. and D'Anna, A. and Sarofim, A. F. and Wang, H.},
  chapter = {27},
  pages = {437--463},
  year = {2009},
  publisher = {KIT Scientific Publishing}
}

@article{balthasar2003,
  title = {{A stochastic approach to calculate the particle size distribution function of soot particles in laminar premixed flames}},
  author = {Balthasar, M. and Kraft, M.},
  journal = {Combust. Flame},
  volume = {133},
  number = {3},
  pages = {289--298},
  year = {2003}
}

@article{lucchesi2017,
  title = {{Simulation and analysis of the soot particle size distribution in a turbulent nonpremixed flame}},
  author = {Lucchesi, M. and Abdelgadir, A. and Attili, A. and Bisetti, F.},
  journal = {Combust. Flame},
  volume = {178},
  pages = {35--45},
  year = {2017}
}

@article{celnik2008,
  title = {{Aromatic site description of soot particles}},
  author = {Celnik, M. S. and Raj, A. and West, R. and Patterson, R. I. A. and Kraft, M.},
  journal = {Combust. Flame},
  volume = {155},
  number = {1},
  pages = {161--180},
  year = {2008}
}

@article{mosbach2009,
  title = {{Towards a detailed soot model for internal combustion engines}},
  author = {Mosbach, S. and Celnik, M. S. and Raj, A. and Kraft, M. and Zhang, H. R. and Kubo, S. and Kim, K. O.},
  journal = {Combust. Flame},
  volume = {156},
  number = {6},
  pages = {1156--1165},
  year = {2009}
}

@article{celnik2007,
  title = {{Coupling a stochastic soot population balance to gas-phase chemistry using operator splitting}},
  author = {Celnik, M. S. and Patterson, R. I. A. and Kraft, M. and Wagner, W.},
  journal = {Combust. Flame},
  volume = {148},
  number = {3},
  pages = {158--176},
  year = {2007}
}

@article{gelbard1980,
  title = {{Simulation of multicomponent aerosol dynamics}},
  author = {Gelbard, F. and Seinfeld, J. H.},
  journal = {J. Colloid Interface Sci.},
  volume = {78},
  number = {2},
  pages = {485--501},
  year = {1980}
}

@article{frenklach1987,
  title = {{Aerosol dynamics modeling using the method of moments}},
  author = {Frenklach, M. and Harris, S. J.},
  journal = {J. Colloid Interface Sci.},
  volume = {118},
  number = {1},
  pages = {252--261},
  year = {1987}
}

@incollection{frenklach1994,
  title = {{Detailed Mechanism and Modeling of Soot Particle Formation}},
  author = {Frenklach, M. and Wang, H.},
  booktitle = {{Soot Formation in Combustion: Mechanisms and Models}},
  editor = {Bockhorn, H.},
  chapter = {10},
  pages = {165--192},
  year = {1994},
  publisher = {Springer Berlin Heidelberg},
  address = {Berlin}
}

@article{frenklach2002,
  title = {{Method of moments with interpolative closure}},
  author = {Frenklach, M.},
  journal = {Chem. Eng. Sci.},
  volume = {57},
  number = {12},
  pages = {2229--2239},
  year = {2002}
}

@article{marchisio2005,
  title = {{Solution of population balance equations using the direct quadrature method of moments}},
  author = {Marchisio, D. L. and Fox, R. O.},
  journal = {J. Aerosol Sci.},
  volume = {36},
  number = {1},
  pages = {43--73},
  year = {2005}
}





@INPROCEEDINGS{Dwoskin2007,
  author = {Jeffrey S Dwoskin and Ruby B. Lee},
  title = {{Hardware-rooted Trust for Secure Key Management and Transient Trust}},
  booktitle = {{Proceedings of the 14th ACM Conference on Computer and Communications Security (CCS 2007)}},
  year = {2007},
  pages = {389-400},
  address = {Alexandria, VA},
  month = {October},
}

@electronic{proquest2006,
  title={{PQ/UMI GradWorks Guide F2006}},
  author={{ProQuest}},
  year={2006},
  howpublished={\url{http://www.princeton.edu/~mudd/thesis/Submissionguide.pdf}},
}


@electronic{mudd2009,
  title={{Submitting your Doctoral Dissertation or Master’s Thesis to the Mudd Manuscript Library}},
  author={{Seeley G. Mudd Manuscript Library}},
  month={May},
  year={2009},
  howpublished={\url{http://www.princeton.edu/~mudd/thesis/}},
}

@electronic{muddthesis2009,
  title={{Doctor of Philosophy Dissertation and Master's Thesis Requirements}},
  author={{Princeton University Library}},
  month={September},
  year={2009},
  howpublished={\url{http://www.princeton.edu/~mudd/thesis/MuddDissertationRequirements.pdf}},
}

@electronic{fear2005booktabs,
  title={{Publication quality tables in LaTeX}},
  author={Fear, S.},
  howpublished={Available from CTAN, macros/latex/contrib/booktabs, \url{http://www.ctan.org/tex-archive/macros/latex/contrib/booktabs/booktabs.pdf}},
  year={2005}
}



%%%%%%%%%%%%%%%%%%%%%%%%%%%%%%
% Other example citations. These are not referenced in the document and therefore are not included in the bibliography

@electronic{dierks2008tls,
  title={{The Transport Layer Security (TLS) Protocol, Version 1.2}},
  author={Dierks, T. and Rescorla, E.},
  institution={RFC 5246},
  month={August},
  year={2008},
  howpublished={\url{http://tools.ietf.org/html/rfc5246}}
}


% Most papers can be cited as "inproceedings" or "conference"
@INPROCEEDINGS{Dwoskin2007,
  author = {Jeffrey S Dwoskin and Ruby B. Lee},
  title = {{Hardware-rooted Trust for Secure Key Management and Transient Trust}},
  booktitle = {{Proceedings of the 14th ACM Conference on Computer and Communications Security (CCS 2007)}},
  year = {2007},
  pages = {389-400},
  address = {Alexandria, VA},
  month = {October},
}

@conference{McGregor2003,
  title={{A Processor Architecture Defense Against Buffer Overflow Attacks}},
  author={McGregor, J.P. and Karig, D.K. and Shi, Z. and Lee, R.B.},
  booktitle={Proceedings of the IEEE International Conference on Information Technology: Research and Education (ITRE 2003)},
  pages={243--250},
  year={2003},
}

% Articles within a journal or another publication use "article"
@article{lee2003enlisting,
  title={{Enlisting hardware architecture to thwart malicious code injection}},
  author={Lee, R. and Karig, D. and McGregor, J.P. and Shi, Z.},
  journal={Security in Pervasive Computing, LNCS 2802},
  pages={237--252},
  month={March},
  year={2003},
  publisher={Springer}
}

% books
@book{anderson2008se,
  title={{Security Engineering: A guide to building dependable distributed systems}},
  author={Anderson, R.J.},
  year={2008},
  publisher={Wiley}
}

% or a chapter within a book
@inbook{walters2007wireless,
  title={{Wireless sensor network security: A survey}},
  author={Walters, J.P. and Liang, Z. and Shi, W. and Chaudhary, V.},
  series={Security in Distributed, Grid, Mobile, and Pervasive Computing},
  chapter={17},
  pages={367},
  year={2007},
  publisher={Auerbach Publications}
}

% Published or unpublished technical reports can be cited
@techreport{Dwoskin2008SPRef,
  title={{SP Processor Architecture Reference Manual}},
  author={Jeffrey S. Dwoskin and Ruby B. Lee},
  institution={Princeton University Department of Electrical Engineering Technical Report CE-L2008-008},
  month={August},
  year={2008}
}

% There are special types for masters and phd theses
@mastersthesis{cotsdust,
    author={Seth Hollar},
    title={{COTS Dust}},
    school={UC Berkeley},
    year={2000},
    month={December},
    note={\url{http://siliconrobot.com/macro_motes/macromotes.html}},
    url={http://siliconrobot.com/macro_motes/macromotes.html},
}

@phdthesis{hill2003saw,
  title={{System architecture for wireless sensor networks}},
  author={Hill, J.L.},
  year={2003},
  school={University of California}
}
